@article{Lan92,
    author="W. Landi",
    title="Undecidability of static analysis",
    journal="ACM Letters on Programming Languages and Systems",
    volume="1",
    number="4",
    pages="323-337",
    year="1992"
}

@article{Ram94,
    author="G. Ramalingam",
    title="The undecidability of aliasing",
    journal="ACM Transactions on Programming Languages",
    volume="16",
    number="5",
    pages="1467-1471",
    year="1994"
}

@inproceedings{LR91,
    author="W. Landi and B. G. Ryder",
    title="Pointer-induced aliasing: a problem taxonomy",
    booktitle="POPL '91 Proceedings of the 18\textsuperscript{th} ACM
        SIGPLAN-SIGACT symposium on Principles of programming languages",
    year="1991"
}

@phdthesis{And94,
    author="L. O. Andersen",
    title="Program analysis and specialization for the C programming language",
    school="University of Copenhagen",
    year="1994"
}

@inproceedings{Ste96,
    author="B. Steensgaard",
    title="Points-to Analysis in Almost Linear Time",
    booktitle="POPL '96 Proceedings of the 23\textsuperscript{rd} ACM
        SIGPLAN-SIGACT symposium on Principles of programming languages",
    year="1996"
}

@inproceedings{Guo05,
    author="B. Guo and others",
    title="Practical and Accurate Low-Level Pointer Analysis",
    booktitle="International Symposium on Code Generation and Optimization
        (CGO'05)",
    year="2005"
}

@inproceedings{Yang11,
    author = {Yang, Xuejun and Chen, Yang and Eide, Eric and Regehr, John},
    title = {Finding and understanding bugs in C compilers},
    booktitle = {Proceedings of the 32nd ACM SIGPLAN conference on Programming language design and implementation},
    series = {PLDI '11},
    year = {2011},
    isbn = {978-1-4503-0663-8},
    location = {San Jose, California, USA},
    pages = {283--294},
    numpages = {12},
    url = {http://doi.acm.org/10.1145/1993498.1993532},
    doi = {http://doi.acm.org/10.1145/1993498.1993532},
    acmid = {1993532},
    publisher = {ACM},
    address = {New York, NY, USA},
    keywords = {automated testing, compiler defect, compiler testing, random program generation, random testing},
}

@article{2009-Leroy-Compcert-CACM,
    author =        "Xavier Leroy",
    title =         "Formal verification of a realistic compiler",
    journal =       "Communications of the ACM",
    year =          2009,
    volume =        52,
    number =        7,
    pages =         "107--115"
}

@article{2009-Leroy-Compcert-backend,
    author =        "Xavier Leroy",
    title =         "A formally verified compiler back-end",
    journal =       "Journal of Automated Reasoning",
    volume =        43,
    number =        4,
    pages =         "363--446",
    year =          2009
}

@inproceedings{Kildall-73,
    author    = {Gary A. Kildall},
    title     = {A Unified Approach to Global Program Optimization},
    booktitle = "1st symposium Principles of Programming Languages",
    year      = {1973},
    pages     = {194-206},
    publisher = "ACM"
}

@book{Appel-tiger,
    author =        "Andrew W. Appel",
    title =         "Modern Compiler Implementation in {ML}",
    publisher =     "Cambridge University Press",
    year =          1998
}
